@article{mcquillan2014,
	Adsnote = {Provided by the SAO/NASA Astrophysics Data System},
	Adsurl = {http://adsabs.harvard.edu/abs/2014ApJS..211...24M},
	Archiveprefix = {arXiv},
	Author = {{McQuillan}, A. and {Mazeh}, T. and {Aigrain}, S.},
	Date-Added = {2014-11-04 09:35:38 +0000},
	Date-Modified = {2014-11-04 09:35:44 +0000},
	Doi = {10.1088/0067-0049/211/2/24},
	Eid = {24},
	Eprint = {1402.5694},
	Journal = {\apjs},
	Keywords = {catalogs, methods: data analysis, methods: observational, stars: activity, stars: low-mass, stars: rotation, techniques: photometric},
	Month = apr,
	Pages = {24},
	Primaryclass = {astro-ph.SR},
	Title = {{Rotation Periods of 34,030 Kepler Main-sequence Stars: The Full Autocorrelation Sample}},
	Volume = 211,
	Year = 2014,
	Bdsk-File-1 = {YnBsaXN0MDDUAQIDBAUGJCVYJHZlcnNpb25YJG9iamVjdHNZJGFyY2hpdmVyVCR0b3ASAAGGoKgHCBMUFRYaIVUkbnVsbNMJCgsMDxJXTlMua2V5c1pOUy5vYmplY3RzViRjbGFzc6INDoACgAOiEBGABIAFgAdccmVsYXRpdmVQYXRoWWFsaWFzRGF0YV8QJi4uL0RvY3VtZW50cy9QYXBlcnMvbWNxdWlsbGFuLzIwMTQucGRm0hcLGBlXTlMuZGF0YU8RAZIAAAAAAZIAAgAADE1hY2ludG9zaCBIRAAAAAAAAAAAAAAAAAAAANQvNOlIKwAAABBIoQgyMDE0LnBkZgAAAAAAAAAAAAAAAAAAAAAAAAAAAAAAAAAAAAAAAAAAAAAAAAAAAAAAAAAAAAAAAAAAAAAAAAAAEEii00w45QAAAAAAAAAAAAEABAAACSAAAAAAAAAAAAAAAAAAAAAJbWNxdWlsbGFuAAAQAAgAANQvl1kAAAARAAgAANNMm1UAAAABABQAEEihABBGDgAQOJgADq6JAAZg0AACAEFNYWNpbnRvc2ggSEQ6VXNlcnM6AGphbWVzOgBEb2N1bWVudHM6AFBhcGVyczoAbWNxdWlsbGFuOgAyMDE0LnBkZgAADgASAAgAMgAwADEANAAuAHAAZABmAA8AGgAMAE0AYQBjAGkAbgB0AG8AcwBoACAASABEABIAL1VzZXJzL2phbWVzL0RvY3VtZW50cy9QYXBlcnMvbWNxdWlsbGFuLzIwMTQucGRmAAATAAEvAAAVAAIADP//AACABtIbHB0eWiRjbGFzc25hbWVYJGNsYXNzZXNdTlNNdXRhYmxlRGF0YaMdHyBWTlNEYXRhWE5TT2JqZWN00hscIiNcTlNEaWN0aW9uYXJ5oiIgXxAPTlNLZXllZEFyY2hpdmVy0SYnVHJvb3SAAQAIABEAGgAjAC0AMgA3AEAARgBNAFUAYABnAGoAbABuAHEAcwB1AHcAhACOALcAvADEAloCXAJhAmwCdQKDAocCjgKXApwCqQKsAr4CwQLGAAAAAAAAAgEAAAAAAAAAKAAAAAAAAAAAAAAAAAAAAsg=},
	Bdsk-Url-1 = {http://dx.doi.org/10.1088/0067-0049/211/2/24}}

@article{davenport2017,
	Adsnote = {Provided by the SAO/NASA Astrophysics Data System},
	Adsurl = {http://adsabs.harvard.edu/abs/2017ApJ...835...16D},
	Archiveprefix = {arXiv},
	Author = {{Davenport}, J.~R.~A.},
	Date-Added = {2017-04-07 21:31:08 +0000},
	Date-Modified = {2017-04-07 21:31:11 +0000},
	Doi = {10.3847/1538-4357/835/1/16},
	Eid = {16},
	Eprint = {1610.08563},
	Journal = {\apj},
	Keywords = {stars: general, stars: kinematics and dynamics, stars: rotation},
	Month = jan,
	Pages = {16},
	Primaryclass = {astro-ph.SR},
	Title = {{Rotating Stars from Kepler Observed with Gaia DR1}},
	Volume = 835,
	Year = 2017,
	Bdsk-File-1 = {YnBsaXN0MDDUAQIDBAUGJCVYJHZlcnNpb25YJG9iamVjdHNZJGFyY2hpdmVyVCR0b3ASAAGGoKgHCBMUFRYaIVUkbnVsbNMJCgsMDxJXTlMua2V5c1pOUy5vYmplY3RzViRjbGFzc6INDoACgAOiEBGABIAFgAdccmVsYXRpdmVQYXRoWWFsaWFzRGF0YV8QJi4uL0RvY3VtZW50cy9QYXBlcnMvZGF2ZW5wb3J0LzIwMTcucGRm0hcLGBlXTlMuZGF0YU8RAZIAAAAAAZIAAgAADE1hY2ludG9zaCBIRAAAAAAAAAAAAAAAAAAAANQvNOlIKwAAABBG5wgyMDE3LnBkZgAAAAAAAAAAAAAAAAAAAAAAAAAAAAAAAAAAAAAAAAAAAAAAAAAAAAAAAAAAAAAAAAAAAAAAAAABFg631TshLAAAAAAAAAAAAAEABAAACSAAAAAAAAAAAAAAAAAAAAAJZGF2ZW5wb3J0AAAQAAgAANQvl1kAAAARAAgAANU7g5wAAAABABQAEEbnABBGDgAQOJgADq6JAAZg0AACAEFNYWNpbnRvc2ggSEQ6VXNlcnM6AGphbWVzOgBEb2N1bWVudHM6AFBhcGVyczoAZGF2ZW5wb3J0OgAyMDE3LnBkZgAADgASAAgAMgAwADEANwAuAHAAZABmAA8AGgAMAE0AYQBjAGkAbgB0AG8AcwBoACAASABEABIAL1VzZXJzL2phbWVzL0RvY3VtZW50cy9QYXBlcnMvZGF2ZW5wb3J0LzIwMTcucGRmAAATAAEvAAAVAAIADP//AACABtIbHB0eWiRjbGFzc25hbWVYJGNsYXNzZXNdTlNNdXRhYmxlRGF0YaMdHyBWTlNEYXRhWE5TT2JqZWN00hscIiNcTlNEaWN0aW9uYXJ5oiIgXxAPTlNLZXllZEFyY2hpdmVy0SYnVHJvb3SAAQAIABEAGgAjAC0AMgA3AEAARgBNAFUAYABnAGoAbABuAHEAcwB1AHcAhACOALcAvADEAloCXAJhAmwCdQKDAocCjgKXApwCqQKsAr4CwQLGAAAAAAAAAgEAAAAAAAAAKAAAAAAAAAAAAAAAAAAAAsg=},
	Bdsk-Url-1 = {http://dx.doi.org/10.3847/1538-4357/835/1/16}}

